@article{walid2023,
  author    = {Walid Al-Zyoud and others},
  title     = {COVID-19 chest X-ray image analysis by threshold-based segmentation},
  year      = {2023},
  url       = {https://www.ncbi.nlm.nih.gov/pmc/articles/PMC9998128/},
}

@article{anas2021,
  author    = {Anas M. Tahir and others},
  title     = {COVID-19 infection localization and severity grading from chest X-ray images},
  year      = {2021},
  url       = {https://www.sciencedirect.com/science/article/pii/S0010482521007964},
}

@article{rahman2021,
  author    = {T. Rahman and others},
  title     = {Exploring the Effect of Image Enhancement Techniques on COVID-19 Detection using Chest X-rays Images},
  year      = {2021},
  url       = {https://doi.org/10.1016/j.compbiomed.2021.104319},
}

@article{degerli2021,
  author    = {A. Degerli and others},
  title     = {Covid-19 infection map generation and detection from chest X-ray images},
  year      = {2021},
  url       = {https://doi.org/10.1007/s13755-021-00146-8},
}

@article{chowhury2020,
  author    = {M. E. H. Chowdhury and others},
  title     = {Can AI Help in Screening Viral and COVID-19 Pneumonia?},
  year      = {2020},
  url       = {https://doi.org/10.1109/ACCESS.2020.3010287},
}
