@article{hassaballah2023,
  author    = {Mahmoud Hassaballah and others},
  title     = {ECG Heartbeat Classification Using Machine Learning and Metaheuristic Optimization for Smart Healthcare Systems},
  year      = {2023},
  url       = {https://www.ncbi.nlm.nih.gov/pmc/articles/PMC10135930/},
}

@article{kachuee2018,
  author    = {Mohammad Kachuee and others},
  title     = {ECG Heartbeat Classification: A Deep Transferable Representation},
  year      = {2018},
  url       = {https://arxiv.org/pdf/1805.00794.pdf},
}

@article{swatik2023,
  author    = {Swatik Satpathy},
  title     = {SMOTE for Imbalanced Classification with Python},
  year      = {2023},
}